@article {Brown,
    AUTHOR = {Brown, Lawrence D. and Cai, T. Tony and DasGupta, Anirban},
     TITLE = {Interval estimation for a binomial proportion},
      NOTE = {With comments and a rejoinder by the authors},
   JOURNAL = {Statist. Sci.},
  FJOURNAL = {Statistical Science. A Review Journal of the Institute of Mathematical Statistics},
    VOLUME = {16},
      YEAR = {2001},
    NUMBER = {2},
     PAGES = {101--133},
      ISSN = {0883-4237},
   MRCLASS = {62F25},
  MRNUMBER = {1861069},
       DOI = {10.1214/ss/1009213286},
       URL = {https://doi.org/10.1214/ss/1009213286},
}

@article {Chartier,
    AUTHOR = {Chartier, Tim},
     TITLE = {Reflections on {March} {Mathness}},
   JOURNAL = {SIAM News},
  FJOURNAL = {SIAM News},
    VOLUME = {56},
      YEAR = {2023},
    NUMBER = {3},
     PAGES = {1, 4},
      ISSN = {1557-9573},
   MRCLASS = {62P99},
  MRNUMBER = {4679697},
}

@online {pywikibot,
 author = {xqt},
 title = {Pywikibot},
 url = {https://pypi.org/project/pywikibot/},
 urldate = {2024-06-06},
}

@article {Schwenk,
    AUTHOR = {Schwenk, Allen J.},
     TITLE = {What is the correct way to seed a knockout tournament?},
   JOURNAL = {Amer. Math. Monthly},
  FJOURNAL = {American Mathematical Monthly},
    VOLUME = {107},
      YEAR = {2000},
    NUMBER = {2},
     PAGES = {140--150},
      ISSN = {0002-9890},
   MRCLASS = {05C20 (05C90)},
  MRNUMBER = {1745892},
MRREVIEWER = {J. W. Moon},
       DOI = {10.2307/2589435},
       URL = {https://doi.org/10.2307/2589435},
}

@article{scikit-learn,
  title={Scikit-learn: Machine Learning in {Python}},
  author={Pedregosa, F. and Varoquaux, G. and Gramfort, A. and Michel, V.
          and Thirion, B. and Grisel, O. and Blondel, M. and Prettenhofer, P.
          and Weiss, R. and Dubourg, V. and Vanderplas, J. and Passos, A. and
          Cournapeau, D. and Brucher, M. and Perrot, M. and Duchesnay, E.},
  journal={Journal of Machine Learning Research},
  volume={12},
  pages={2825--2830},
  year={2011}
}

@article {Seltzer,
    AUTHOR = {Seltzer, Stan and Simonson, Shai},
     TITLE = {Bracket challenge},
   JOURNAL = {Math Horiz.},
  FJOURNAL = {Math Horizons},
    VOLUME = {31},
      YEAR = {2024},
    NUMBER = {3},
     PAGES = {20--23},
      ISSN = {1072-4117},
   MRCLASS = {91B99},
  MRNUMBER = {4701438},
       DOI = {10.1080/10724117.2023.2285681},
       URL = {https://doi.org/10.1080/10724117.2023.2285681},
}

@online {Wittry,
 author = {Andy Wittry},
 title = {Here's how to pick {March} {Madness} men's upsets, according to the data},
 url = {https://www.ncaa.com/news/basketball-men/bracketiq/2018-03-13/heres-how-pick-march-madness-upsets-according-data},
 urldate = {2024-06-19},
}

